<record><leader>00000cas a22000007a 4500</leader><controlfield tag="001">13993421</controlfield><controlfield tag="008">860731d18551865txuwr ne      0    0eng d</controlfield><datafield ind1=" " ind2=" " tag="010"><subfield code="a">sn 86088445 </subfield></datafield><datafield ind1=" " ind2=" " tag="040"><subfield code="a">PPM</subfield><subfield code="b">eng</subfield><subfield code="c">PPM</subfield><subfield code="d">OCLCQ</subfield></datafield><datafield ind1=" " ind2=" " tag="042"><subfield code="a">msc</subfield></datafield><datafield ind1="0" ind2=" " tag="130"><subfield code="a">True issue (LaGrange, Tex.: 1855)</subfield></datafield><datafield ind1="1" ind2="4" tag="245"><subfield code="a">The true issue.</subfield></datafield><datafield ind1=" " ind2=" " tag="260"><subfield code="a">LaGrange, Tex. :</subfield><subfield code="b">B. Shropshire &amp; R.M. Tevis,</subfield><subfield code="c">1855-1865.</subfield></datafield><datafield ind1=" " ind2=" " tag="300"><subfield code="a">v. :</subfield><subfield code="b">ill. ;</subfield><subfield code="c">42-58 cm.</subfield></datafield><datafield ind1=" " ind2=" " tag="310"><subfield code="a">Weekly</subfield></datafield><datafield ind1="0" ind2=" " tag="362"><subfield code="a">Vol. 1, no. 1 (Oct. 6, 1855)- v. 14, no. 12 (Jan. 7, 1865); new ser. v. 1, no. 47 (Jan. 7, 1865)- v. 2, no. 16 (June 17, 1865).</subfield></datafield><datafield ind1=" " ind2=" " tag="515"><subfield code="a">Some numbering irregularities.</subfield></datafield><datafield ind1=" " ind2=" " tag="530"><subfield code="a">Also on microfilm: Austin, Texas: The University of Texas, Center for American History.</subfield></datafield><datafield ind1=" " ind2=" " tag="752"><subfield code="a">United States</subfield><subfield code="b">Texas</subfield><subfield code="c">Fayette</subfield><subfield code="d">LaGrange.</subfield></datafield></record>